@article{YU21,
 author = {Yu, Hang and Yang, Laurence T. and Zhang, Qingchen and Armstrong, David and Deen, M. Jamal},
 year = {2021},
 title = {Convolutional neural networks for medical image analysis: State-of-the-art, comparisons, improvement and perspectives},
 pages = {92--110},
 volume = {444},
 issn = {09252312},
 journal = {Neurocomputing},
 doi = {10.1016/j.neucom.2020.04.157}
}

@misc{GH19,
 author = {Ghoddoosian, Reza and Galib, Marnim and Athitsos, Vassilis},
 date = {15.04.2019},
 title = {A Realistic Dataset and Baseline Temporal Model for Early Drowsiness  Detection},
 url = {http://arxiv.org/pdf/1904.07312v1}
 }

% This file was created with Citavi 6.15.2.0

@article{AR20,
 author = {Arunasalam, M. and Yaakob, N. and Amir, A. and Elshaikh, M. and Azahar, N. F.},
 year = {2020},
 title = {Real-Time Drowsiness Detection System for Driver Monitoring},
 volume = {767},
 number = {1},
 issn = {1757-8981},
 journal = {IOP Conference Series: Materials Science and Engineering},
 doi = {10.1088/1757-899X/767/1/012066}
}
% This file was created with Citavi 6.15.2.0

@article{RA19,
 author = {Ramzan, Muhammad and Khan, Hikmat Ullah and Awan, Shahid Mahmood and Ismail, Amina and Ilyas, Mahwish and Mahmood, Ahsan},
 year = {2019},
 title = {A Survey on State-of-the-Art Drowsiness Detection Techniques},
 pages = {61904--61919},
 volume = {7},
 journal = {IEEE Access},
 doi = {10.1109/ACCESS.2019.2914373}
}

% This file was created with Citavi 6.15.2.0

@article{BE97,
 author = {Bentivoglio, A. R. and Bressman, S. B. and Cassetta, E. and Carretta, D. and Tonali, P. and Albanese, A.},
 year = {1997},
 title = {Analysis of blink rate patterns in normal subjects},
 pages = {1028--1034},
 volume = {12},
 number = {6},
 issn = {0885-3185},
 journal = {Movement disorders : official journal of the Movement Disorder Society},
 doi = {10.1002/mds.870120629}
}

% This file was created with Citavi 6.15.2.0

@misc{LU19,
 author = {Lugaresi, Camillo and Tang, Jiuqiang and Nash, Hadon and McClanahan, Chris and Uboweja, Esha and Hays, Michael and Zhang, Fan and Chang, Chuo-Ling and Yong, Ming Guang and Lee, Juhyun and Chang, Wan-Teh and Hua, Wei and Georg, Manfred and Grundmann, Matthias},
 date = {14.06.2019},
 title = {MediaPipe: A Framework for Building Perception Pipelines},
 url = {https://arxiv.org/pdf/1906.08172}
}

% This file was created with Citavi 6.15.2.0

@inproceedings{DA05,
 author = {Dalal, N. and Triggs, B.},
 title = {Histograms of Oriented Gradients for Human Detection},
 pages = {886--893},
 publisher = {{IEEE Computer Society}},
 isbn = {0-7695-2372-2},
 editor = {Schmid, Cordelia},
 booktitle = {Proceedings},
 year = {2005},
 doi = {10.1109/CVPR.2005.177}
 }

@Article{DLIB09,
  author = {Davis E. King},
  title = {Dlib-ml: A Machine Learning Toolkit},
  journal = {Journal of Machine Learning Research},
  year = {2009},
  volume = {10},
  pages = {1755-1758},
  url = {http://dlib.net/face_landmark_detection.py.html}
}

@Article{SO16,
  author = {Tereza Soukupova},
  title = {Eye-Blink Detection Using Facial Landmarks},
  journal = {Research Reports of CMP},
  year = {2016},
  volume = {5}
}

@inproceedings{WI94,
  title={RESEARCH ON VEHICLE-BASED DRIVER STATUS/PERFORMANCE MONITORING; DEVELOPMENT, VALIDATION, AND REFINEMENT OF ALGORITHMS FOR DETECTION OF DRIVER DROWSINESS. FINAL REPORT},
  author={Walter W. Wierwille and Steven S. Wreggit and Chris Kirn and Lynne A. Ellsworth and Rollin J. Fairbanks},
  year={1994},
  url={https://api.semanticscholar.org/CorpusID:121142874}
}































